<?xml version="1.0" encoding="UTF-8"?><collection xmlns="http://www.loc.gov/MARC21/slim"><record><leader>00287nam--2200121-i-4500</leader><controlfield tag="001">000050212</controlfield><controlfield tag="002">20161230</controlfield><controlfield tag="005">20161230201048</controlfield><controlfield tag="008">060222s1000------------r-----000-0-eng-d</controlfield><datafield ind1=" " ind2=" " tag="100"><subfield code="a">Balabanov,E.M</subfield></datafield><datafield ind1=" " ind2=" " tag="245"><subfield code="a">Iadernye reaktory</subfield></datafield><datafield ind1=" " ind2=" " tag="260"><subfield code="a">Moskva, Voennoe Izdanie, 1957. 205 S</subfield></datafield><datafield ind1=" " ind2=" " tag="852"><subfield code="a">5039</subfield></datafield></record></collection>